<?xml version="1.0" encoding="UTF-8"?><collection xmlns="http://www.loc.gov/MARC21/slim"><record><leader>00460nam--2200181-i-4500</leader><controlfield tag="001">000019254</controlfield><controlfield tag="002">20161230</controlfield><controlfield tag="005">20161230201033</controlfield><controlfield tag="008">060222s1000------------r-----000-0-eng-d</controlfield><datafield ind1=" " ind2=" " tag="040"><subfield code="a">IFIN-HH</subfield></datafield><datafield ind1=" " ind2=" " tag="080"><subfield code="a">53</subfield></datafield><datafield ind1="1" ind2=" " tag="100"><subfield code="a">Feather, N</subfield></datafield><datafield ind1="1" ind2="0" tag="245"><subfield code="a">Matter and motion</subfield><subfield code="c">N. feather</subfield></datafield><datafield ind1=" " ind2=" " tag="260"><subfield code="a">Middlesex</subfield><subfield code="b">Penguin Books</subfield><subfield code="c">1970</subfield></datafield><datafield ind1=" " ind2=" " tag="300"><subfield code="a">194 P</subfield></datafield><datafield ind1=" " ind2=" " tag="490"><subfield code="a">Penguin Library Of Physical Sciences: Physics</subfield></datafield><datafield ind1=" " ind2=" " tag="852"><subfield code="a">35050</subfield><subfield code="c">53</subfield></datafield><datafield ind1=" " ind2=" " tag="CAT"><subfield code="a">Sys</subfield><subfield code="c">20150310</subfield><subfield code="h">121721</subfield></datafield></record></collection>